% Encoding: UTF-8
%% This BibTeX bibliography file was created using BibDesk.
%% http://bibdesk.sourceforge.net/
%% Created for Roger Zoh at 2014-11-09 16:09:20 -0600
%% Saved with string encoding Unicode (UTF-8)
@article{johnson2013revised,
  title={Revised standards for statistical evidence},
  author={Johnson, Valen E.},
  journal={Proceedings of the National Academy of Sciences},
  volume={110},
  pages={19313--19317},
  year={2013},
  publisher={National Academy of Sciences}
}

@Article{dasgupta2003elementary,
  author    = {Dasgupta, Sanjoy and Gupta, Anupam},
  title     = {An elementary proof of a theorem of Johnson and Lindenstrauss},
  journal   = {Random Structures \& Algorithms},
  year      = {2003},
  volume    = {22},
  number    = {1},
  pages     = {60--65},
  publisher = {Wiley Online Library},
}

@article{johnson1984extensions,
  title={Extensions of Lipschitz Mappings into a Hilbert Space},
  author={Johnson, William B and Lindenstrauss, Joram},
  journal={Contemporary Mathematics},
  volume={26},
  pages={1},
  year={1984}
}
@article{neyman1933problem,
  title={On the Problem of the Most Efficient Tests of Statistical Hypotheses},
  author={Neyman, J and Pearson, ES},
  journal={Philosophical Transactions of the Royal Society of London A: Mathematical, Physical and Engineering Sciences},
  volume={231},
  pages={289--337},
  year={1933},
  publisher={The Royal Society}
}
@book{neyman1992problem,
  title={On the Problem of the Most Efficient Tests of Statistical Hypotheses},
  author={Neyman, Jerzy and Pearson, Egon S},
  year={1992},
  publisher={Springer}
}
@article{neyman1928use,
  title={On the use and interpretation of certain test criteria for purposes of statistical inference: Part II},
  author={Neyman, Jerzy and Pearson, Egon S},
  journal={Biometrika},
  pages={263--294(Part II)},
  volume={20A},
  year={1928},
  publisher={JSTOR}
}

@article {GoddardJohnson,
author = {Goddard, Scott D. and Johnson, Valen E.},
title = {Restricted most powerful {B}ayesian tests for linear models},
journal = {Scandinavian Journal of Statistics},
volume = {43},
number = {4},
pages = {1162--1177},
year = {2016},
}


@article{Goddard,
	Author = { Scott Goddard},
	Date-Added = {2014-11-09 21:51:14 +0000},
	Date-Modified = {2014-11-09 21:51:14 +0000},
	Journal = {Ph.D Thesis, Texas A\&M University},
	Title = {Restricted most powerful {B}ayesian tests},
	Year = {2015}}

@article{Johnsonrussel,
	Author = {Valen Johnson and  David Rossell},
	Date-Added = {2014-11-09 18:14:28 +0000},
	Date-Modified = {2014-11-09 18:14:28 +0000},
	Journal = {\JRSSB},
	Pages = {143--170},
	Publisher = {Institute of Mathematical Statistics},
	Title = {On the use of non-local prior densities in {B}ayesian hypothesis tests},
	Volume = {72},
	Year = {2010}}

@article{guhaniyogi2013,
	author = {Rajarshi Guhaniyogi and David B. Dunson},
title = {Bayesian Compressed Regression},
journal = {Journal of the American Statistical Association},
volume = {110},
number = {512},
pages = {1500--1514},
year = {2015}}

@article{berger2004training,
	Author = {Berger, James O and Pericchi, Luis R and others},
	Date-Added = {2014-11-09 18:14:28 +0000},
	Date-Modified = {2014-11-09 18:14:28 +0000},
	Journal = {The Annals of Statistics},
	Pages = {841--869},
	Publisher = {Institute of Mathematical Statistics},
	Title = {Training samples in objective {B}ayesian model selection},
	Volume = {32},
	Year = {2004}}

@article{berger1999default,
	Author = {Berger, James O and Mortera, Julia},
	Date-Added = {2014-11-09 18:13:05 +0000},
	Date-Modified = {2014-11-09 18:13:05 +0000},
	Journal = {Journal of the American Statistical Association},
	Pages = {542--554},
	Publisher = {Taylor \&amp; Francis Group},
	Title = {Default Bayes factors for nonnested hypothesis testing},
	Volume = {94},
	Year = {1999}}

@article{berger1998accurate,
	Author = {Berger, James O and Pericchi, Luis Ra{\'u}l},
	Date-Added = {2014-11-09 18:08:16 +0000},
	Date-Modified = {2014-11-09 18:08:16 +0000},
	Journal = {Sankhy{\=a}: The Indian Journal of Statistics, Series B},
	Pages = {1--18},
	Publisher = {JSTOR},
	Title = {Accurate and stable {B}ayesian model selection: the median intrinsic {B}ayes factor},
	Year = {1998}}

@article{berger1996intrinsic,
	Author = {Berger, James O and Pericchi, Luis R},
	Date-Added = {2014-11-09 18:03:03 +0000},
	Date-Modified = {2014-11-09 18:03:03 +0000},
	Journal = {Journal of the American Statistical Association},
	Pages = {109--122},
	Publisher = {Taylor \&amp; Francis},
	Title = {The intrinsic Bayes factor for model selection and prediction},
	Volume = {91},
	Year = {1996}}

@article{o1995fractional,
	Author = {O'Hagan, Anthony},
	Date-Added = {2014-11-09 18:01:29 +0000},
	Date-Modified = {2014-11-09 18:01:29 +0000},
	Journal = {Journal of the Royal Statistical Society. Series B (Methodological)},
	Pages = {99--138},
	Publisher = {JSTOR},
	Title = {Fractional Bayes factors for model comparison},
	Year = {1995}}

@article{madigan1994model,
	Author = {Madigan, David and Raftery, Adrian E},
	Date-Added = {2014-11-09 17:22:38 +0000},
	Date-Modified = {2014-11-09 17:22:38 +0000},
	Journal = {Journal of the American Statistical Association},
	Pages = {1535--1546},
	Publisher = {Taylor \&amp; Francis},
	Title = {Model selection and accounting for model uncertainty in graphical models using Occam's window},
	Volume = {89},
	Year = {1994}}

@article{george1993variable,
	Author = {George, Edward I and McCulloch, Robert E},
	Date-Added = {2014-11-09 17:19:56 +0000},
	Date-Modified = {2014-11-09 17:19:56 +0000},
	Journal = {Journal of the American Statistical Association},
	Pages = {881--889},
	Publisher = {Taylor \&amp; Francis Group},
	Title = {Variable selection via Gibbs sampling},
	Volume = {88},
	Year = {1993}}

@article{spiegelhalter1982bayes,
	Author = {Spiegelhalter, David J and Smith, Adrian FM},
	Date-Added = {2014-11-09 17:16:28 +0000},
	Date-Modified = {2014-11-09 17:16:28 +0000},
	Journal = {Journal of the Royal Statistical Society. Series B (Methodological)},
	Pages = {377--387},
	Publisher = {JSTOR},
	Title = {Bayes factors for linear and log-linear models with vague prior information},
	Year = {1982}}

@book{jeffreys1998theory,
	Author = {Jeffreys, Harold},
	Publisher = {Oxford University Press},
	Title = {Theory of Probability},
	Year = {1961},
	Edition = {3rd},
	address = {New York, NY}
	}

@article{gonen2005bayesian,
	Author = {G{\"o}nen, Mithat and Johnson, Wesley O and Lu, Yonggang and Westfall, Peter H},
	Date-Added = {2014-11-09 06:42:12 +0000},
	Date-Modified = {2014-11-09 06:42:12 +0000},
	Journal = {The American Statistician},
	Pages = {252--257},
	Publisher = {Taylor \&amp; Francis},
	Title = {The {B}ayesian two-sample t test},
	Volume = {59},
	Year = {2005}
}

@article{srivastava2009test,
	Author = {Srivastava, Muni S},
	Date-Added = {2014-11-09 03:34:16 +0000},
	Date-Modified = {2014-11-09 03:34:16 +0000},
	Journal = {Journal of Multivariate Analysis},
	Pages = {518--532},
	Publisher = {Elsevier},
	Title = {A test for the mean vector with fewer observations than the dimension under non-normality},
	Volume = {100},
	Year = {2009}
}

@Article{chen2010two,
  author        = {Chen, Song Xi and Qin, Ying-Li},
  title         = {A two-sample test for high-dimensional data with applications to gene-set testing},
  journal       = {The Annals of Statistics},
  year          = {2010},
  volume        = {38},
  pages         = {808--835},
  date-added    = {2014-11-09 03:31:56 +0000},
  date-modified = {2014-11-09 03:31:56 +0000},
  publisher     = {Institute of Mathematical Statistics},
}

@article{srivastava2008test,
	Author = {Srivastava, Muni S and Du, Meng},
	Date-Added = {2014-11-09 03:30:08 +0000},
	Date-Modified = {2014-11-09 03:30:08 +0000},
	Journal = {Journal of Multivariate Analysis},
	Pages = {386--402},
	Publisher = {Elsevier},
	Title = {A test for the mean vector with fewer observations than the dimension},
	Volume = {99},
	Year = {2008}
}

@article{tony2014two,
  title={Two-sample test of high dimensional means under dependence},
  author={Tony Cai, T and Liu, Weidong and Xia, Yin},
  journal={Journal of the Royal Statistical Society: Series B (Statistical Methodology)},
  volume={76},
  number={2},
  pages={349--372},
  year={2014},
  publisher={Wiley Online Library}
}

@article{bai1996effect,
	Author = {Bai, Zhidong D and Saranadasa, Hewa},
	Date-Added = {2014-11-09 03:27:04 +0000},
	Date-Modified = {2014-11-09 03:27:04 +0000},
	Journal = {Statistica Sinica},
	Pages = {311--329},
	Publisher = {C/O DR SW CHENG, MANAG EDITOR DEPT STAT UNIV MANTOBA, WINNIPEG MB R3T 2N2, CANADA},
	Title = {Effect of high dimension: by an example of a two sample problem},
	Volume = {6},
	Year = {1996}
}

@book{hotelling1992generalization,
	Author = {Hotelling, Harold},
	Date-Added = {2014-11-09 01:44:41 +0000},
	Date-Modified = {2014-11-09 01:44:41 +0000},
	Publisher = {Springer},
	Title = {The generalization of Student's ratio},
	Year = {1992}
}

@article{srivastava2014raptt,
 author ={Radhendushka Srivastava and Ping Li and David Ruppert},
    title = {{RAPTT}: An Exact Two-Sample Test in High Dimensions Using Random Projections},
    journal = {Journal of Computational and Graphical Statistics},
    volume = {25},
    number = {3},
    pages = {954-970},
    year = {2016},
    doi = {10.1080/10618600.2015.1062771}
    }

@article{jacob2012more,
	Author = {Jacob, Laurent and Neuvial, Pierre and Dudoit, Sandrine and others},
	Date-Added = {2014-11-04 18:28:20 +0000},
	Date-Modified = {2014-11-04 18:28:20 +0000},
	Journal = {The Annals of Applied Statistics},
	Pages = {561--600},
	Publisher = {Institute of Mathematical Statistics},
	Title = {More power via graph-structured tests for differential expression of gene networks},
	Volume = {6},
	Year = {2012}
}

@article{johnson2008properties,
	Author = {Johnson, Valen E},
	Date-Added = {2014-11-03 18:40:55 +0000},
	Date-Modified = {2014-11-03 18:40:55 +0000},
	Journal = {Scandinavian Journal of Statistics},
	Pages = {354--368},
	Publisher = {Wiley Online Library},
	Title = {Properties of {B}ayes factors based on test statistics},
	Volume = {35},
	Year = {2008}
}

@article{johnson2005bayes,
	Author = {Johnson, Valen E},
	Date-Added = {2014-11-03 18:39:12 +0000},
	Date-Modified = {2014-11-03 18:39:12 +0000},
	Journal = {Journal of the Royal Statistical Society: Series B},
	Pages = {689--701},
	Publisher = {Wiley Online Library},
	Title = {Bayes factors based on test statistics},
	Volume = {67},
	Year = {2005}
}

@article{tsai2009multivariate,
	Author = {Tsai, Chen-An and Chen, James J},
	Date-Added = {2014-10-29 21:03:37 +0000},
	Date-Modified = {2014-10-29 21:03:37 +0000},
	Journal = {Bioinformatics},
	Pages = {897--903},
	Publisher = {Oxford Univ Press},
	Title = {Multivariate analysis of variance test for gene set analysis},
	Volume = {25},
	Year = {2009}
}

@article{wu2012camera,
	Author = {Wu, Di and Smyth, Gordon K},
	Date-Added = {2014-10-29 19:14:24 +0000},
	Date-Modified = {2014-10-29 19:14:24 +0000},
	Journal = {Nucleic acids research},
	Pages = {e133--e133},
	Publisher = {Oxford Univ Press},
	Title = {Camera: a competitive gene set test accounting for inter-gene correlation},
	Volume = {40},
	Year = {2012}
}

@article{benjamini1995controlling,
	Author = {Benjamini, Yoav and Hochberg, Yosef},
	Date-Added = {2014-10-29 17:10:32 +0000},
	Date-Modified = {2014-10-29 17:10:32 +0000},
	Journal = {Journal of the Royal Statistical Society. Series B (Methodological)},
	Pages = {289--300},
	Publisher = {JSTOR},
	Title = {Controlling the false discovery rate: a practical and powerful approach to multiple testing},
	Year = {1995}
}

@article{marcus1981weak,
	Author = {Marcus, Michael B and others},
	Date-Added = {2014-10-20 17:02:08 +0000},
	Date-Modified = {2014-10-20 17:02:08 +0000},
	Journal = {The Annals of Probability},
	Pages = {194--201},
	Publisher = {Institute of Mathematical Statistics},
	Title = {Weak convergence of the empirical characteristic function},
	Volume = {9},
	Year = {1981}
}

@article{epps1983test,
	Author = {Epps, Thomas W and Pulley, Lawrence B},
	Date-Added = {2014-10-20 17:00:15 +0000},
	Date-Modified = {2014-10-20 17:00:15 +0000},
	Journal = {Biometrika},
	Pages = {723--726},
	Publisher = {Biometrika Trust},
	Title = {A test for normality based on the empirical characteristic function},
	Volume = {70},
	Year = {1983}
}

@article{epps1986omnibus,
	Author = {Epps, TW and Singleton, Kenneth J},
	Date-Added = {2014-10-20 16:55:37 +0000},
	Date-Modified = {2014-10-20 16:55:37 +0000},
	Journal = {Journal of Statistical Computation and Simulation},
	Pages = {177--203},
	Publisher = {Taylor \&amp; Francis},
	Title = {An omnibus test for the two-sample problem using the empirical characteristic function},
	Volume = {26},
	Year = {1986}
}

@article{alba2008test,
	Author = {Alba Fern{\'a}ndez, V and Gamero, Jim{\'e}nez and Munoz Garcia, J},
	Date-Added = {2014-10-18 00:22:49 +0000},
	Date-Modified = {2014-10-18 00:22:49 +0000},
	Journal = {Computational statistics \&amp; data analysis},
	Pages = {3730--3748},
	Publisher = {Elsevier},
	Title = {A test for the two-sample problem based on empirical characteristic functions},
	Volume = {52},
	Year = {2008}
}

@article{khodakarim2014multivariate,
	Author = {Khodakarim, Soheila and Tabatabaei, Seyyed Mohammad and Majd, Hamid Alavi},
	Date-Added = {2014-10-03 04:25:58 +0000},
	Date-Modified = {2014-10-03 04:25:58 +0000},
	Journal = {Gene},
	Publisher = {Elsevier},
	Title = {The multivariate nonparametric methods for identifying gene sets with differential expression},
	Year = {2014}
}

@article{berger2001objective,
	Author = {Berger, James O and Pericchi, Luis R and Ghosh, JK and Samanta, Tapas and De Santis, Fulvio and Berger, JO and Pericchi, LR},
	Date-Added = {2014-07-21 17:20:56 +0000},
	Date-Modified = {2014-07-21 17:20:56 +0000},
	Journal = {Lecture Notes-Monograph Series},
	Pages = {135--207},
	Publisher = {JSTOR},
	Title = {Objective {B}ayesian methods for model selection: introduction and comparison},
	Year = {2001}
}

@article{johnson2012bayesian,
	Author = {Johnson, Valen E and Rossell, David},
	Date-Added = {2014-07-21 17:09:40 +0000},
	Date-Modified = {2014-07-21 17:09:40 +0000},
	Journal = {Journal of the American Statistical Association},
	Pages = {649--660},
	Publisher = {Taylor \amp; Francis},
	Title = {{B}ayesian model selection in high-dimensional settings},
	Volume = {107},
	Year = {2012}
}

@article{johnson2010use,
	Author = {Johnson, Valen E and Rossell, David},
	Date-Added = {2014-07-21 17:08:00 +0000},
	Date-Modified = {2014-07-21 17:08:00 +0000},
	Journal = {Journal of the Royal Statistical Society: Series B},
	Pages = {143--170},
	Publisher = {Wiley Online Library},
	Title = {On the use of non-local prior densities in {B}ayesian hypothesis tests},
	Volume = {72},
	Year = {2010}
}

@phdthesis{yang2011likelihood,
	Author = {Yang, Fan},
	Date-Added = {2014-06-30 19:06:39 +0000},
	Date-Modified = {2014-06-30 19:06:39 +0000},
	School = {UNIVERSITY OF MINNESOTA},
	Title = {Likelihood Ratio Tests for High-dimensional Normal Distributions},
	Year = {2011}
}

@article{wei2013direction,
	Author = {Wei, Susan and Lee, Chihoon and Wichers, Lindsay and Li, Gen and Marron, JS},
	Date-Added = {2014-06-30 19:05:24 +0000},
	Date-Modified = {2014-06-30 19:05:24 +0000},
	Journal = {arXiv preprint:1304.0796},
	Title = {Direction-projection-permutation for high dimensional hypothesis tests},
	Year = {2013}
}

@article{paul2014random,
	Author = {Paul, Debashis and Aue, Alexander},
	Date-Added = {2014-06-30 19:03:41 +0000},
	Date-Modified = {2014-06-30 19:03:41 +0000},
	Journal = {Journal of Statistical Planning and Inference},
	Pages = {1--29},
	Publisher = {Elsevier},
	Title = {Random matrix theory in statistics: a review},
	Volume = {150},
	Year = {2014}
}

@InCollection{lopes2011more,
  author    = {Lopes, Miles and Laurent Jacob and Wainwright, Martin J},
  title     = {A More Powerful Two-Sample Test in High Dimensions using Random Projection},
  booktitle = {Advances in Neural Information Processing Systems 24},
  publisher = {Curran Associates, Inc.},
  year      = {2011},
  pages     = {1206--1214},
  url       = {http://papers.nips.cc/paper/4260-a-more-powerful-two-sample-test-in-high-dimensions-using-random-projection.pdf},
}

@article{wang2013gene,
	Author = {Wang, Xi and Cairns, Murray J},
	Date-Added = {2014-06-30 17:51:50 +0000},
	Date-Modified = {2014-06-30 17:51:50 +0000},
	Journal = {BMC bioinformatics},
	Pages = {S16},
	Publisher = {BioMed Central Ltd},
	Title = {Gene set enrichment analysis of {RNA}-Seq data: integrating differential expression and splicing},
	Volume = {14},
	Year = {2013}
}

@article{nam2008gene,
	Author = {Nam, Dougu and Kim, Seon-Young},
	Date-Added = {2014-06-30 17:29:55 +0000},
	Date-Modified = {2014-06-30 17:29:55 +0000},
	Journal = {Briefings in bioinformatics},
	Number = {3},
	Pages = {189--197},
	Publisher = {Oxford Univ Press},
	Title = {Gene-set approach for expression pattern analysis},
	Volume = {9},
	Year = {2008}
}

@article{efron2007testing,
	Author = {Efron, Bradley and Tibshirani, Robert},
	Date-Added = {2014-06-30 17:26:35 +0000},
	Date-Modified = {2014-06-30 17:26:35 +0000},
	Journal = {The annals of applied statistics},
	Pages = {107--129},
	Publisher = {JSTOR},
	Title = {On testing the significance of sets of genes},
	Year = {2007}
}

@article{goeman2007analyzing,
	Author = {Goeman, Jelle J and B{\"u}hlmann, Peter},
	Date-Added = {2014-06-30 17:23:04 +0000},
	Date-Modified = {2014-06-30 17:23:04 +0000},
	Journal = {Bioinformatics},
	Pages = {980--987},
	Publisher = {Oxford Univ Press},
	Title = {Analyzing gene expression data in terms of gene sets: methodological issues},
	Volume = {23},
	Year = {2007}
}

@article{goeman2004global,
	Author = {Goeman, Jelle J and Van De Geer, Sara A and De Kort, Floor and Van Houwelingen, Hans C},
	Date-Added = {2014-06-29 18:44:46 +0000},
	Date-Modified = {2014-06-29 18:44:46 +0000},
	Journal = {Bioinformatics},
	Pages = {93--99},
	Publisher = {Oxford Univ Press},
	Title = {A global test for groups of genes: testing association with a clinical outcome},
	Volume = {20},
	Year = {2004}
}

@article{2003,
	Author = {G{\"o}nen, Mithat and Westfall, Peter H. and Johnson, Wesley O.},
	Copyright = {Copyright {\copyright} 2003 International Biometric Society},
	Date-Added = {2014-06-09 06:26:31 +0000},
	Date-Modified = {2014-06-09 06:26:31 +0000},
	Issn = {0006341X},
	Journal = {Biometrics},
	Jstor_Articletype = {research-article},
	Jstor_Formatteddate = {Mar., 2003},
	Language = {English},
	Pages = {pp. 76-82},
	Publisher = {International Biometric Society},
	Title = {{B}ayesian Multiple Testing for Two-Sample Multivariate Endpoints},
	Url = {http://www.jstor.org/stable/3695814},
	Volume = {59},
	Year = {2003},
	Bdsk-Url-1 = {http://www.jstor.org/stable/3695814}
}


@article{anders2013count,
	Author = {Anders, Simon and McCarthy, Davis J and Chen, Yunshun and Okoniewski, Michal and Smyth, Gordon K and Huber, Wolfgang and Robinson, Mark D},
	Journal = {Nature protocols},
	Pages = {1765--1786},
	Publisher = {Nature Publishing Group},
	Title = {Count-based differential expression analysis of RNA sequencing data using R and Bioconductor},
	Volume = {8},
	Year = {2013}
}

@article{mccarthy2012differential,
  title={Differential expression analysis of multifactor {RNA}-Seq experiments with respect to biological variation.},
  author={McCarthy, DJ and Chen, Y and Smyth, GK},
  journal={Nucleic Acids Research},
  volume={40},
  number={10},
  pages={4288--4297},
  year={2012}
}


@article{maciejewski2013gene,
	Author = {Maciejewski, Henryk},
	Journal = {Briefings in bioinformatics},
	Pages = {bbt002},
	Publisher = {Oxford Univ Press},
	Title = {Gene set analysis methods: statistical models and methodological differences},
	Year = {2013}
}

@article{rahmatallah2014gene,
	Author = {Rahmatallah, Yasir and Emmert-Streib, Frank and Glazko, Galina},
	Journal = {Bioinformatics},
	Pages = {360--368},
	Publisher = {Oxford Univ Press},
	Title = {Gene Sets Net Correlations Analysis (GSNCA): a multivariate differential coexpression test for gene sets},
	Volume = {30},
	Year = {2014}
}

@article{emmert2011pathway,
	Author = {Emmert-Streib, Frank and Glazko, Galina V},
	Journal = {PLoS computational biology},
	Pages = {e1002053},
	Publisher = {Public Library of Science},
	Title = {Pathway analysis of expression data: deciphering functional building blocks of complex diseases},
	Volume = {7},
	Year = {2011}
}
@article{law2014voom,
  title={voom: precision weights unlock linear model analysis tools for {RNA}-{S}eq read counts},
  author={Law, Charity W and Chen, Yunshun and Shi, Wei and Smyth, Gordon K},
  journal={Genome Biology},
  volume={15},
  pages={R29},
  year={2014}
}
@book{johnson1992applied,
  title={Applied Multivariate Statistical Analysis},
  author={Johnson, Richard Arnold and Wichern, Dean W},
  volume={4},
  year={1992},
  pages={286},
  publisher={Prentice Hall},
  address = {Englewood Cliffs, NJ}
}

@InProceedings{dasgupta2000experiments,
  author    = {Dasgupta, Sanjoy},
  title     = {Experiments with random projection},
  booktitle = {Uncertainty in Artificial Intelligence: Proceedings of the Sixteenth Conference 2000},
  year      = {2000},
  pages     = {143–-151},
  publisher = {Morgan Kaufmann Publishers Inc.},
}

@InProceedings{fern2003random,
  author    = {Fern, Xiaoli Z and Brodley, Carla E},
  title     = {Random Projection for High Dimensional Data Clustering: A Cluster Ensemble Approach},
  booktitle = {Proceedings of the 20th International Conference on Machine Learning},
  year      = {2003},
  pages     = {186--193},
  publisher = {AAAI Press},
}
@inproceedings{bingham2001random,
  title={Random projection in dimensionality reduction: applications to image and text data},
  author={Bingham, Ella and Mannila, Heikki},
  booktitle={Proceedings of the seventh ACM SIGKDD international conference on Knowledge Discovery and Data Mining},
  pages={245--250},
  year={2001},
  organization={ACM}
}
@article{rouder2009bayesian,
  title={{B}ayesian t tests for accepting and rejecting the null hypothesis},
  author={Rouder, Jeffrey N and Speckman, Paul L and Sun, Dongchu and Morey, Richard D and Iverson, Geoffrey},
  journal={Psychonomic bulletin \& review},
  volume={16},
  pages={225--237},
  year={2009},
  publisher={Springer}
}
@article{rahmatallah2014,
title={Comparative evaluation of gene set analysis approaches for {RNA}-seq data},
url={http://dx.doi.org/10.1186/s12859-014-0397-8},
publisher={BioMed Central},
author={Rahmatallah, Yasir and Emmert-Streib, Frank and Glazko, Galina},
year={2014},
journal={BMC Bioinformatics},
language={English},
eid={397},
volume={15},
doi={10.1186/s12859-014-0397-8}
}
@article{cohen1992power,
  title={A power primer.},
  author={Cohen, Jacob},
  journal={Psychological bulletin},
  volume={112},
  pages={155},
  year={1992},
  publisher={American Psychological Association}
}
@article{Gravier:2010bz,
author = {{Gravier, Eleonore} and Pierron, Gaelle and Vincent-Salomon, Anne and gruel, Nadege and Raynal, Virginie and Savignoni, Alexia and De Rycke, Yann and Pierga, Jean-Yves and Lucchesi, Carlo and Reyal, Fabien and Fourquet, Alain and Roman-Roman, Sergio and Radvanyi, Francois and Sastre-Garau, Xavier and Asselain, Bernard and Delattre, Olivier},
title = {{A prognostic DNA signature for T1T2 node-negative breast cancer patients.}},
journal = {Genes, Chromosomes and Cancer},
year = {2010},
volume = {49},
pages = {1125--1125},
month = sep
}
@article{thulin2014high,
  title={A high-dimensional two-sample test for the mean using random subspaces},
  author={Thulin, M{\aa}ns},
  journal={Computational Statistics \& Data Analysis},
  volume={74},
  pages={26--38},
  year={2014},
  publisher={Elsevier}
}
@article{subramanian2005gene,
  title={Gene set enrichment analysis: a knowledge-based approach for interpreting genome-wide expression profiles},
  author={Subramanian, Aravind and Tamayo, Pablo and Mootha, Vamsi K and Mukherjee, Sayan and Ebert, Benjamin L and Gillette, Michael A and Paulovich, Amanda and Pomeroy, Scott L and Golub, Todd R and Lander, Eric S and Mesirov, Jill P},
  journal={Proceedings of the National Academy of Sciences},
  volume={102},
  number={43},
  pages={15545--15550},
  year={2005},
  publisher={National Acad Sciences}
}
@article{ein2006thousands,
  title={Thousands of samples are needed to generate a robust gene list for predicting outcome in cancer},
  author={Ein-Dor, Liat and Zuk, Or and Domany, Eytan},
  journal={Proceedings of the National Academy of Sciences},
  volume={103},
  pages={5923--5928},
  year={2006},
  publisher={National Acad Sciences}
}
@incollection{johnson84extensionslipschitz,
    author = {Johnson, William and Lindenstrauss, Joram},
    booktitle = {Conference in modern analysis and probability (New Haven, Conn., 1982)},
    keywords = {hilbert, mappings, spaces},
    pages = {189--206},
    publisher = {American Mathematical Society},
    series = {Contemporary Mathematics},
    title = {Extensions of {L}ipschitz mappings into a {H}ilbert space},
    volume = {26},
    year = {1984}
}
@article{srivastava2007multivariate,
  title={Multivariate theory for analyzing high dimensional data},
  author={Srivastava, Muni S},
  journal={Journal of the Japan Statistical Society},
  volume={37},
  pages={53--86},
  year={2007}
}
@article{gregory2014two,
  title={A Two-Sample Test For Equality of Means in High Dimension},
  author={Gregory, Karl Bruce and Carroll, Raymond J and Baladandayuthapani, Veerabhadran and Lahiri, Soumendra N},
  journal={Journal of the American Statistical Association},
  volume={110},
  pages={837--849},
  year={2014},
  publisher={Taylor \& Francis}
}
@article{wu2006multivariate,
  title={A Multivariate Two-Sample Mean Test for Small Sample Size and Missing Data},
  author={Wu, Yujun and Genton, Marc G and Stefanski, Leonard A},
  journal={Biometrics},
  volume={62},
  pages={877--885},
  year={2006},
  publisher={Wiley Online Library}
}
@article{law2014voom,
  title={voom: precision weights unlock linear model analysis tools for {RNA}-{S}eq read counts},
  author={Law, Charity W and Chen, Yunshun and Shi, Wei and Smyth, Gordon K},
  journal={Genome Biology},
  volume={15},
  pages={R29},
  year={2014}
}
@article{shah2011integrated,
  title={Integrated microRNA and mRNA expression profiling in a rat colon carcinogenesis model: effect of a chemo-protective diet},
  author={Shah, Manasvi S and Schwartz, Scott L and Zhao, Chen and Davidson, Laurie A and Zhou, Beiyan and Lupton, Joanne R and Ivanov, Ivan and Chapkin, Robert S},
  journal={Physiological genomics},
  volume={43},
  pages={640},
  year={2011},
  publisher={American Physiological Society}
}
@article{gonen2003bayesian,
  title={{B}ayesian Multiple Testing for Two-Sample Multivariate Endpoints},
  author={G{\"o}nen, Mithat and Westfall, Peter H and Johnson, Wesley O},
  journal={Biometrics},
  volume={59},
  pages={76--82},
  year={2003},
  publisher={Wiley Online Library}
}
@article{kass1995bayes,
  title={Bayes factors},
  author={Kass, Robert E and Raftery, Adrian E},
  journal={Journal of the American Statistical Association},
  volume={90},
  pages={773--795},
  year={1995},
  publisher={Taylor \& Francis Group}
}

@InProceedings{li2006very,
  author    = {Li, Ping and Hastie, Trevor J and Church, Kenneth W},
  title     = {Very sparse random projections},
  booktitle = {Proceedings of the 12th ACM SIGKDD international conference on Knowledge discovery and data mining},
  year      = {2006},
  pages     = {287--296},
  publisher = {ACM},
}
@article{chen2008supervised,
  title={Supervised principal component analysis for gene set enrichment of microarray data with continuous or survival outcomes},
  author={Chen, Xi and Wang, Lily and Smith, Jonathan D and Zhang, Bing},
  journal={Bioinformatics},
  volume={24},
  number={21},
  pages={2474--2481},
  year={2008},
  publisher={Oxford Univ Press}
}
@article{zoh2018powerful,
  title={A powerful {B}ayesian test for equality of means in high dimensions},
  author={Zoh, Roger S and Sarkar, Abhra and Carroll, Raymond J and Mallick, Bani K},
  journal={Journal of the American Statistical Association},
  volume={113},
  number={524},
  pages={1733--1741},
  year={2018},
  publisher={Taylor \& Francis}
}
@article{ahmad2014u,
  title={A {U}-statistic approach for a high-dimensional two-sample mean testing problem under non-normality and {B}ehrens--{F}isher setting},
  author={Ahmad, M Rauf},
  journal={Annals of the Institute of Statistical Mathematics},
  volume={66},
  number={1},
  pages={33--61},
  year={2014},
  publisher={Springer}
}
@article{feng2017composite,
  title={COMPOSITE ${T}^2$ TEST FOR HIGH-DIMENSIONAL DATA},
  author={Feng, Long and Zou, Changliang and Wang, Zhaojun and Zhu, Lixing},
  journal={Statistica Sinica},
  pages={1419--1436},
  year={2017},
  publisher={JSTOR}
}
@article{chen2011regularized,
  title={A regularized Hotelling’s ${T}^2$ test for pathway analysis in proteomic studies},
  author={Chen, Lin S. and Paul, Debashis and Prentice, Ross L and Wang, Pei},
  journal={Journal of the American Statistical Association},
  volume={106},
  number={496},
  pages={1345--1360},
  year={2011},
  publisher={Taylor \& Francis}
}
@article{li2020adaptable,
  title={An adaptable generalization of {H}otelling's ${T}^{2}$ test in high dimension},
  author={Li, Haoran and Aue, Alexander and Paul, Debashis and Peng, Jie and Wang, Pei},
  journal={The Annals of Statistics},
  volume={48},
  number={3},
  pages={1815--1847},
  year={2020},
  publisher={Institute of Mathematical Statistics}
}
@article{hu2020pairwise,
  title={A Pairwise Hotelling Method for Testing High-Dimensional Mean Vectors},
  author={Hu, Zongliang and Tong, Tiejun and Genton, Marc G},
  journal={arXiv preprint:2003.04636},
  year={2020}
}
@article{dempster1958high,
  title={A high dimensional two sample significance test},
  author={Dempster, Arthur P},
  journal={The Annals of Mathematical Statistics},
  pages={995--1010},
  year={1958},
  publisher={JSTOR}
}
@article{dempster1960significance,
  title={A significance test for the separation of two highly multivariate small samples},
  author={Dempster, Arthur P},
  journal={Biometrics},
  volume={16},
  number={1},
  pages={41--50},
  year={1960},
  publisher={JSTOR}
}
@article{tonda2004asymptotic,
  title={Asymptotic expansion of the null distribution of LR statistic for multivariate linear hypothesis when the dimension is large},
  author={Tonda, Tetsuji and Fujikoshi, Yasunori},
  journal={Communications in Statistics-Theory and Methods},
  volume={33},
  number={5},
  pages={1205--1220},
  year={2004},
  publisher={Taylor \& Francis}
}
@article{puram2017single,
  title={Single-cell transcriptomic analysis of primary and metastatic tumor ecosystems in head and neck cancer},
  author={Puram, Sidharth V and Tirosh, Itay and Parikh, Anuraag S and Patel, Anoop P and Yizhak, Keren and Gillespie, Shawn and Rodman, Christopher and Luo, Christina L and Mroz, Edmund A and Emerick, Kevin S and others},
  journal={Cell},
  volume={171},
  number={7},
  pages={1611--1624},
  year={2017},
  publisher={Elsevier}
}
@article{ahmad2017location,
  title={Location-invariant tests of homogeneity of large-dimensional covariance matrices},
  author={Ahmad, M Rauf},
  journal={Journal of Statistical Theory and Practice},
  volume={11},
  number={4},
  pages={731--745},
  year={2017},
  publisher={Springer}
}
@article{srivastava2010testing,
  title={Testing the equality of several covariance matrices with fewer observations than the dimension},
  author={Srivastava, Muni S and Yanagihara, Hirokazu},
  journal={Journal of Multivariate Analysis},
  volume={101},
  number={6},
  pages={1319--1329},
  year={2010},
  publisher={Elsevier}
}
@article{wan2020sharp,
  title={SHARP: hyperfast and accurate processing of single-cell {RNA}-{S}eq data via ensemble random projection},
  author={Wan, Shibiao and Kim, Junil and Won, Kyoung Jae},
  journal={Genome research},
  volume={30},
  number={2},
  pages={205--213},
  year={2020},
  publisher={Cold Spring Harbor Lab}
}
@article{lopez2021tuning,
  title={Tuning Database-Friendly Random Projection Matrices for Improved Distance Preservation on Specific Data},
  author={L{\'o}pez-S{\'a}nchez, Daniel and de Bodt, Cyril and Lee, John A and Arrieta, Ang{\'e}lica Gonz{\'a}lez and Corchado, Juan M},
  journal={Applied Intelligence},
  pages={1--13},
  year={2021},
  publisher={Springer}
}
@article{bezanson2012julia,
  title={Julia: A fast dynamic language for technical computing},
  author={Bezanson, Jeff and Karpinski, Stefan and Shah, Viral B and Edelman, Alan},
  journal={arXiv preprint:1209.5145},
  year={2012}
}
@article{fujikoshi2004asymptotic,
  title={Asymptotic results of a high dimensional MANOVA test and power comparison when the dimension is large compared to the sample size},
  author={Fujikoshi, Yasunori and Himeno, Tetsuto and Wakaki, Hirofumi},
  journal={Journal of the Japan Statistical Society},
  volume={34},
  number={1},
  pages={19--26},
  year={2004},
  publisher={THE JAPAN STATISTICAL SOCIETY}
}
@article{mulder2018matrix,
  title={The matrix-F prior for estimating and testing covariance matrices},
  author={Mulder, Joris and Pericchi, Luis Ra{\'u}l},
  journal={Bayesian Analysis},
  volume={13},
  number={4},
  pages={1193--1214},
  year={2018},
  publisher={International Society for Bayesian Analysis}
}
@inproceedings{achlioptas2001database,
  title={Database-friendly random projections},
  author={Achlioptas, Dimitris},
  booktitle={Proceedings of the twentieth ACM SIGMOD-SIGACT-SIGART symposium on Principles of database systems},
  pages={274--281},
  year={2001}
}
@article{johnson2023bayes,
  title={Bayes factor functions for reporting outcomes of hypothesis tests},
  author={Johnson, Valen E and Pramanik, Sandipan and Shudde, Rachael},
  journal={Proceedings of the National Academy of Sciences},
  volume={120},
  number={8},
  pages={e2217331120},
  year={2023},
  publisher={National Acad Sciences}
}
@Comment{jabref-meta: databaseType:bibtex;}
