@Article{chen2010twob,
  author        = {Chen, Song Xi and Qin, Ying-Li},
  title         = {A two-sample test for high-dimensional data with applications to gene-set testing},
  journal       = {The Annals of Statistics},
  year          = {2010},
  volume        = {38},
  pages         = {808--835},
  date-added    = {2014-11-09 03:31:56 +0000},
  date-modified = {2014-11-09 03:31:56 +0000},
  publisher     = {Institute of Mathematical Statistics},
}
@InProceedings{fern2003random,
	author    = {Fern, Xiaoli Z and Brodley, Carla E},
	title     = {Random Projection for High Dimensional Data Clustering: A Cluster Ensemble Approach},
	booktitle = {Proceedings of the 20th International Conference on Machine Learning},
	year      = {2003},
	pages     = {186--193},
	publisher = {AAAI Press},
}
@InCollection{lopes2011moreb,
	author    = {Lopes, Miles and Laurent Jacob and Wainwright, Martin J},
	title     = {A More Powerful Two-Sample Test in High Dimensions using Random Projection},
	booktitle = {Advances in Neural Information Processing Systems 24},
	publisher = {Curran Associates, Inc.},
	year      = {2011},
	editor    = {J. Shawe-Taylor and R. S. Zemel and P. L. Bartlett and F. Pereira and K. Q. Weinberger},
	pages     = {1206--1214},
	url       = {http://papers.nips.cc/paper/4260-a-more-powerful-two-sample-test-in-high-dimensions-using-random-projection.pdf},
}