@inbook{andersson,
address = "Hayward, CA",
author = "Andersson, Steen A. and Perlman, Michael D.",
booktitle = "Multivariate analysis and its applications",
doi = "10.1214/lnms/1215463788",
pages = "97--110",
publisher = "Institute of Mathematical Statistics",
series = "Lecture Notes--Monograph Series",
title = "Normal linear models with lattice conditional independence restrictions",
url = "http://dx.doi.org/10.1214/lnms/1215463788",
volume = "24",
year = "1994"
}

@article{andersson1997graphical,
  title={A graphical characterization of lattice conditional independence models},
  author={Andersson, Steen A and Madigan, David and Perlman, Michael D and Triggs, Christopher M},
  journal={Annals of Mathematics and Artificial Intelligence},
  volume={21},
  number={1},
  pages={27--50},
  year={1997},
  publisher={Springer, New York}
}

@book{gratzer2002general,
  title={General Lattice Theory},
  author={Gr{\"a}tzer, George},
  year={2003},
  edition={second},
  publisher={Birkh{\"a}user Verlag, Basel}
}

@book{lauritzen1996graphical,
  title={Graphical Models},
  author={Lauritzen, Steffen L},
  series={Oxford Statistical Science Series},
  volume={17},
  year={1996},
  publisher={Clarendon Press, Oxford University Press, New York}
}

@article{anderson1993totally,
  title={Totally ordered multivariate linear models},
  author={Anderson, Steen A and Marden, John I and Perlman, Michael D},
  journal={Sankhy{\=a}: The Indian Journal of Statistics, Series A},
  pages={370--394},
  year={1993},
  publisher={JSTOR}
}

@article{andersson1993lattice,
  title={Lattice models for conditional independence in a multivariate normal distribution},
  author={Andersson, Steen Arne and Perlman, Michael D},
  journal={The Annals of Statistics},
  pages={1318--1358},
  year={1993},
  publisher={JSTOR}
}

@article{drton2008iterative,
  title={Iterative conditional fitting for discrete chain graph models},
  author={Drton, Mathias},
  journal={COMPSTAT 2008},
  pages={93--104},
  year={2008},
  publisher={Springer}
}

@article{andersson1995relation,
  title={On the relation between conditional independence models determined by finite distributive lattices and by directed acyclic graphs},
  author={Andersson, Steen A and Madigan, David and Perlman, Michael D and Triggs, Christopher M},
  journal={Journal of Statistical Planning and Inference},
  volume={48},
  number={1},
  pages={25--46},
  year={1995},
  publisher={Elsevier}
}
